% Bibliography template for the paper: phd-thesis
%
% git repository is phd-thesis
% file: dew2/include/phd-thesis.bib
% contains additional bibtex entries specific for this project

@book{abraham.marsden:1985a,
	author =       {Abraham, R. and Marsden, J. E.},
	title =        {Foundations of Mechanics},
	year =         {1985},
	publisher =    {Addison Wesley Publishing Company},
	address =      {Reading, Mass.},
	edition =      {2},
}

@book{adamek.herrlich.strecker:1990a,
	author =       {Adamek, J. and Herrlich, H. and Strecker, G.},
	title =        {Abstract and concrete categories},
	year =         {1990},
	publisher =    {John Wiley \& Sons Inc},
	edition =      {1},
}

@article{ali.englis:2005a,
	author = {Ali, S. T. and Engli\v{s}, M.},
	journal = {Reviews in Mathematical Physics},
	number = {04},
	pages = {391–490},
	title = {Quantization Methods: A Guide for Physicists and Analysts},
	year = {2005},
}

@book{arnold:1989a,
	author =       {Arno{l'd}, V. I.},
	title =        {Mathematical Methods of Classical Mechanics},
	year =         {1989},
	publisher =    {Springer-Verlag},
	address =      {Berlin, Heidelberg, New York},
	edition =      {2},
	volume =       {60},
	series =       {Graduate Texts in Mathematics},
}

@article{baez.dolan:1998a,
	author = {Baez, J. C. and Dolan, J.},
	journal = {Advances in Mathematics},
	number = {2},
	pages = {145–206},
	title = {Higher-Dimensional Algebra III.n-Categories and the Algebra of Opetopes},
	volume = {135},
	year = {1998}
}

@article{bandiera.stienon.xu:2021a,
	author = {Bandiera, R. and Stiénon, M. and Xu, P.},
	journal = {J. Noncommut. Geom},
	title = {Polyvector fields and polydifferential operators associated with Lie pairs},
	volume = {15},
	number = {2},
	pages = {643–711},
	year = {2021}
}

@book{barr:1979a,
	author =       {Barr, M.},
	title =        {*-Autonomous Categories},
	series =       {Lecture Notes in Mathematics},
	publisher =    {Springer-Verlag},
	address =      {Berlin, Heidelberg},
	year =         {1979},
}

@article{batchelor:1980a,
	author = {Batchelor, M.},
	journal = {Transactions of the American Mathematical Society},
	number = {1},
	pages = {257--270},
	publisher = {American Mathematical Society},
	title = {Two Approaches to Supermanifolds},
	volume = {258},
	year = {1980}
}

@article{bayen.flato.fronsdal.lichnerowicz:1978a,
	author = {Bayen, F. and Flato, M. and Fronsdal, C. and Lichnerowicz, A. and Sternheimer, D.},
	title = {Deformation Theory and Quantization},
	reportNumber = {UCLA/77/TEP/7},
	journal = {Annals Phys.},
	volume = {111},
	pages = {61},
	year = {1978}
}

@misc{blacker.miti.ryvkin:2022a,
	author = {Blacker, C. and Miti, A. M. and Ryvkin, L.},	
	title = {Reduction of $L_\infty$-algebras of observables on multisymplectic manifolds},	
	year = {2022},
	eprinttype =   {arxiv},
	eprint =    {arXiv:2206.03137}
}

@article{bonavolonta.poncin:2013a,
	title = {On the category of Lie n-algebroids},
	journal = {Journal of Geometry and Physics},
	volume = {73},
	pages = {70-90},
	year = {2013},
	author = {Bonavolontà, G. and Poncin, N.},
}

@book{borceux:1994a,
	place={Cambridge},
	series={Encyclopedia of Mathematics and its Applications},
	title={Handbook of Categorical Algebra},
	volume={1},
	publisher={Cambridge University Press},
	author={Borceux, F.},
	year={1994},
	collection={Encyclopedia of Mathematics and its Applications}
}

@book{borceux:1994b, 
	place={Cambridge}, 
	series={Encyclopedia of Mathematics and its Applications}, 
	title={Handbook of Categorical Algebra}, 
	volume={2},
	publisher={Cambridge University Press}, 
	author={Borceux, F.}, 
	year={1994}, 
	collection={Encyclopedia of Mathematics and its Applications}
}

@book{borceux.bourn:2004a,
	author =       {Borceux, F. and Bourn, D.},
	title =        {Mal'cev, Protomodular, Homological and 
	Semi-Abelian Categories},
	series =       {Mathematics and Its Applications},
	publisher =    {Kluwer Academic Publishers},
	address =      {Dordrecht, Boston, London},
	year =         {2004},
}

@article{bordemann:2004a:pre,
	author =       {Bordemann, M.},
	title =        {(Bi)Modules, morphismes et r{\'e}duction des
	star-produits : le cas symplectique, feuilletages et
	obstructions},
	eprinttype =   {arxiv},
	eprint =    {math/0403334},
	year =         {2004},
	pages =        {135 pages},
}

@article{bordemann:2005a,
	author =       {Bordemann, M.},
	title =        {(Bi)Modules, morphisms, and reduction of
	star-products: the symplectic case, foliations, and
	obstructions},
	journal =      {Trav. Math.},
	volume =       {16},
	year =         {2005},
	pages =        {9--40},
}

@article{bordemann.herbig.waldmann:2000a,
	author =       {Bordemann, M. and Herbig, H.-C. and Waldmann, S.},
	title =        {BRST Cohomology and Phase Space Reduction in
	Deformation Quantization},
	journal =      {Commun. Math. Phys.},
	volume =       {210},
	pages =        {107--144},
	year =         {2000},
	mrnumber =     {MR1748172},
}

@article{bordemann.neumaier.pflaum.waldmann:2003a,
	author =       {Bordemann, M. and Neumaier, N. and Pflaum, M. J. and
	Waldmann, S.},
	title =        {On representations of star product algebras over
	cotangent spaces on Hermitian line bundles},
	journal =      {J. Funct. Anal.},
	year =         {2003},
	volume =       {199},
	pages =        {1--47},
	mrnumber =     {MR1966822},
}

@article{bordemann.neumaier.waldmann:1998a,
	author =       {Bordemann, M. and Neumaier, N. and Waldmann, S.},
	title =        {Homogeneous Fedosov Star Products on Cotangent
	Bundles I: Weyl and Standard Ordering with
	Differential Operator Representation},
	journal =      {Commun. Math. Phys.},
	volume =       {198},
	pages =        {363--396},
	year =         {1998},
	mrnumber =     {MR1668901},
}

@Inbook{bott:1972a,
	author={Bott, R.},
	title={Lectures on characteristic classes and foliations},
	bookTitle={Lectures on Algebraic and Differential Topology: 
	Delivered at the II. ELAM},
	year={1972},
	publisher={Springer-Verlag},
	address={Berlin, Heidelberg},
	pages={1--94}
}

@book{brandenburg:2016a,
	author =       {Brandenburg, M.},
	title =        {Einf{\"u}hrung in die {K}ategorientheorie. Mit
	aus{f\"u}hrlichen {E}rkl{\"a}rungen und zahlreichen
	{B}eispielen.},
	year =         {2016},
	publisher =    {Springer-Verlag},
	address =      {Heidelberg}
}

@article{cabrera.ortiz:2022a,
	author = {Cabrera, A. and Ortiz, C.},
	journal = {Differential Geometry and its Applications},
	pages = {40 ff.},
	title = {Quotients of multiplicative forms and Poisson reduction},
	volume = {83},
	year = {2022}
}

@article{cahen.gutt:1982a,
	author =       {Cahen, M. and Gutt, S.},
	title =        {Regular $*$ Representations of Lie Algebras},
	journal =      {Lett. Math. Phys.},
	volume =       {6},
	pages =        {395--404},
	year =         {1982},
}

@article{cattaneo.felder:2007a,
	author = {Cattaneo, A. S. and Felder, G.},
	journal = {Advances in Mathematics},
	keywords = {Deformation quantisation, Formality, Coisotropic submanifolds, Strong homotopy algebras},
	number = {2},
	pages = {521–548},
	title = {Relative formality theorem and quantisation of coisotropic submanifolds},
	volume = {208},
	year = {2007}
}


@article{cockett:1999a,
	author = {Cockett, J. R. B. and Seely, R. A. G.},
	journal = {Journal of Pure and Applied Algebra},
	number = {1},
	pages = {155–203},
	title = {Linearly distributive functors},
	volume = {143},
	year = {1999}
}

@article{crainic.fernandes.martinez:2019a,
	author = {Crainic, M. and Fernandes, R. L. and Mart{\'i}nez Torres, D.},
	journal = {Journal für die reine und angewandte Mathematik (Crelles Journal)},
	number = {756},
	pages = {101–149},
	title = {Poisson manifolds of compact types (PMCT 1)},
	volume = {2019},
	year = {2019}
}

@article {crainic.fernandes.martinez:2019b,
	AUTHOR = {Crainic, M. and Fernandes, R. L. and Mart{\'i}nez Torres, D.},
	TITLE = {Regular {P}oisson manifolds of compact types},
	JOURNAL = {Ast\'{e}risque},
	NUMBER = {413},
	YEAR = {2019},
	PAGES = {154 ff.},
}

@book{crainic.fernandes.marcut:2021a,
	title={Lectures on Poisson Geometry},
	author={Crainic, M. and Fernandes, R. L. and M{\u{a}}rcu{\c{t}}, I.},
	series={Graduate Studies in Mathematics},
	year={2021},
	publisher={American Mathematical Society}
}

@thesis{cueca:2019a,
	author = {Cueca, M.},
	title = {Applications of graded manifolds to Poisson geometry},
	year = {2019},
	institution = {Instituto de Matematica Pura e Aplicada, Rio de Janeiro},
	type = {PhD thesis}	
}

@article{cueca:2021a,
	author = {Cueca, M.},
	journal = {Journal of Geometry and Physics},
	pages = {104055},
	title = {The geometry of graded cotangent bundles},
	volume = {161},
	year = {2021}
}

@article{dandrea:2020a,
	author =       {D'Andrea, F.},
	title =        {On the notion of noncommutative submanifold},
	journal =      {SIGMA Symmetry Integrability Geom. Methods Appl.},
	volume =       {16},
	year =         {2020},
	pages =        {Paper No. 050, 21},
	mrnumber =     {4109014},
}

@Thesis{day:1970a,
	author  = {Day, B. J.},
	title   = {Construction of Biclosed Cateogires},
	school  = {University of New South Wales},
	year    = {1970},
	month   = {9},
	type = {phdthesis}
}

@article{day:1972a,
	author = {Day, B. J.},
	journal = {Journal of Pure and Applied Algebra},
	number = {1},
	pages = {1–11},
	title = {A reflection theorem for closed categories},
	volume = {2},
	year = {1972}
}

@article{dewilde.lecomte:1983a,
	author =       {DeWilde, M. and Lecomte, P. B. A.},
	title =        {Star-Products on Cotangent Bundles},
	journal =      {Lett. Math. Phys.},
	volume =       {7},
	pages =        {235--241},
	year =         {1983},
}

@article{dewilde.lecomte:1983b,
	author =       {DeWilde, M. and Lecomte, P. B. A.},
	title =        {Existence of Star-Products and of Formal
	Deformations of the Poisson Lie Algebra of Arbitrary
	Symplectic Manifolds},
	journal =      {Lett. Math. Phys.},
	volume =       {7},
	pages =        {487--496},
	year =         {1983},
}

@article{dewilde.lecomte:1995a,
	author = {DeWilde, M. and Lecomte, P. B. A.},
	journal = {Compositio Mathematica},
	number = {1},
	pages = {99-109},
	publisher = {Kluwer Academic Publishers},
	title = {An homotopy formula for the Hochschild cohomology},
	volume = {96},
	year = {1995},
}

@thesis{dippell:2018a,
	author = {Dippell, M.},
	title = {Morita Theory for Generalized Coisotropic Reduction},
	year = {2018},
	institution = {Julius-Maximilians-Universität W{\"u}rzburg},
	type = {Master of Science Thesis}
}

@unpublished{dippell.kern:2022a,
	author = {Dippell, M. and Kern, D.},
	title = {Constraint Reduction of Lie (Bi-)Algebroids},
	note = {Paper in preparation}
}

@article{dippell.esposito.waldmann:2019a,
	author =       {Dippell, M. and Esposito, C. and Waldmann, S.},
	title =        {Coisotropic Triples, Reduction and Classical 
	Limit.},
	journal =      {Doc. Math.},
	volume =       {24},
	pages =        {1811--1853},
	year =         {2019},
	mrnumber =     {},
	zbl =          {1427.53105},
}

@article{dippell.esposito.waldmann:2022a,
	author =       {Dippell, M. and Esposito, C. and Waldmann, S.},
	title =        {Deformation and {Hochschild} cohomology of
	coisotropic algebras},
	journal =      {Ann. Mat. Pura Appl. (4)},
	volume =       {201},
	number =       {3},
	pages =        {1295--1323},
	year =         {2022},
}

@article{dippell.menke.waldmann:2022a,
	author =       {Dippell, M. and Menke, F. and Waldmann, S.},
	title =        {A {S}erre-{S}wan theorem for coisotropic 
	algebras},
	journal =      {Pacific J. Math.},
	volume =       {316},
	year =         {2022},
	number =       {2},
	pages =        {277--306},
	mrnumber =     {4404001},
}

@article{egger:2010a,
	author = {Egger, J. M.},
	journal = {Theory and Applications of Categories},
	pages = {25-38},
	publisher = {Mount Allison University, Department of Mathematics and Computer Science, Sackville},
	title = {The Frobenius relations meet linear distributivity.},
	volume = {24},
	year = {2010},
}

@book{esposito:2015a,
	author =       {Esposito, C},
	title =        {Formality theory. From {P}oisson structures to deformation quantization},
	pages =        {xii + 90},
	year =         {2015},
	publisher =    {Springer-Verlag},
	address =      {Heidelberg, Berlin},
	zbl =          {1301.81003},
}

@article{esposito.kraft.schnitzer:2022a,
	author =       {Esposito, C. and Kraft, A. and Schnitzer, J.},
	title =        {The strong homotopy structure of Poisson reduction},
	pages =        {927–966},
	year =         {2022},
	journal = {J. Noncommut. Geom},
	volume = {16},
	number = {3}
}

@misc{esposito.kraft.schnitzer:2022b,
	author = {Esposito, C. and Kraft, A. and Schnitzer, J.},	
	title = {The Strong Homotopy Structure of BRST Reduction},
	eprinttype =   {arxiv},
	eprint =    {arXiv:2202.08750},
	year = {2022},
}

@article{fedosov:1994a,
	author =       {Fedosov, B. V.},
	title =        {A Simple Geometrical Construction of Deformation
	Quantization},
	journal =      {J. Diff. Geom.},
	volume =       {40},
	pages =        {213--238},
	year =         {1994},
}

@article{fregier.markl.yau:2009,
	title = {The $L_\infty$-deformation complex of diagrams of 
	algebras},
	author = {Fr{\'e}gier, Y. and Markl, M. and Yau, D.},
	journal = {New York Journal of Mathematics},
	volume = {15},
	pages = {353-392},
	year = {2009},
}

@article{fregier.zambon:2015,
	title = {Simultaneous deformations of algebras and morphisms via 
	derived brackets},
	author = {Fr{\'e}gier, Y. and Zambon, M.},
	journal = {Journal of Pure and Applied Algebra},
	volume = {219},
	number = {12},
	pages = {5344-5362},
	year = {2015},
}

@article{gerstenhaber:1963a,
	author =       {Gerstenhaber, M.},
	title =        {Cohomology Structure of an associative Ring},
	journal =      {Ann. Math.},
	volume =       {78},
	pages =        {267--288},
	year =         {1963},
}

@article{gerstenhaber:1964a,
	title={On the Deformation of Rings and Algebras},
	author={Gerstenhaber, M.},
	journal={Annals of Mathematics},
	year={1964},
	volume={79},
	pages={59-103}
}

@article{gerstenhaber:1968a,
	author = {Gerstenhaber, M.},
	journal = {Annals of Mathematics},
	number = {1},
	pages = {1--34},
	publisher = {Annals of Mathematics},
	title = {On the Deformation of Rings and Algebras: III},
	volume = {88},
	year = {1968}
}

@article{gerstenhaber.schack:1983a,
	author = {Gerstenhaber, M. and Schack, S. D.},
	journal = {Transactions of the American Mathematical Society},
	number = {1},
	pages = {1--50},
	publisher = {American Mathematical Society},
	title = {On the Deformation of Algebra Morphisms and Diagrams},
	volume = {279},
	year = {1983}
}



@article{groenewold:1946a,
	author = {Groenewold, H. J.},
	journal = {Physica},
	number = {7},
	pages = {405–460},
	title = {On the principles of elementary quantum mechanics},
	volume = {12},
	year = {1946}
}

@article{grothendieck:1967a,
	author = {Grothendieck, A.},
	title = {\'El\'ements de g\'eom\'etrie alg\'ebrique : {IV.} {\'Etude} locale des sch\'emas et des morphismes de sch\'emas, {Quatri\`eme} partie},
	journal = {Publications Math\'ematiques de l'IH\'ES},
	pages = {5--361},
	publisher = {Institut des Hautes \'Etudes Scientifiques},
	volume = {32},
	year = {1967},
}

@article{guillemin.sternberg:1982c,
	author =       {Guillemin, V. and Sternberg, S.},
	title =        {Geometric quantization and multiplicities of group
	representations},
	journal =      {Invent. Math.},
	volume =       {67},
	year =         {1982},
	number =       {3},
	pages =        {515--538},
}

@article{guillemin.miranda.pires:2014a,
	author = {Guillemin, V. and Miranda, E. and Pires, A. R.},
	journal = {Advances in Mathematics},
	pages = {864–896},
	title = {Symplectic and Poisson geometry on b-manifolds},
	volume = {264},
	year = {2014}
}

@article{gutt:2011a,
	journal = {Geometry \& Topology Monographs},
	number = {17},
	pages = {171–220},
	year = {2011},
	author = {Gutt, S.},
	title = {Deformation quantisation of Poisson manifolds }	
}

@article{gutt.rawnsley:1999a,
	author = {Gutt, S. and Rawnsley, J.},
	journal = {Journal of Geometry and Physics},
	number = {4},
	pages = {347–392},
	title = {Equivalence of star products on a symplectic manifold; an introduction to Deligne's Čech cohomology classes},
	volume = {29},
	year = {1999}
}


@article{gutt.waldmann:2010a,
	author =       {Gutt, S. and Waldmann, S.},
	title =        {Involutions and Representations for Reduced Quantum
	Algebras},
	journal =      {Adv. Math.},
	volume =       {224},
	year =         {2010},
	pages =        {2583--2644},
	mrnumber =     {MR2652217},
	zbl =          {05758037},
}

@article{haugseng:2017a,
	author =       {Haugseng, R.},
	title =        {The higher Morita category of {$\mathbb{E}_n$}–algebras},
	journal =      {Geometry \& Topology},
	volume =       {21},
	issue = {3},
	year =         {2017},
	pages =        {1631–1730},
}

@article{higgins.mackenzie:1990a,
	author = {Higgins, P. J. and Mackenzie, K.},
	title = {Algebraic constructions in the category of lie 
	algebroids},
	journal = {Journal of Algebra},
	volume = {129},
	number = {1},
	pages = {194-230},
	year = {1990},
}

@article{hochschild:1945a,
	author = {Hochschild, G.},
	journal = {Annals of Mathematics},
	number = {1},
	pages = {58--67},
	publisher = {Annals of Mathematics},
	title = {On the Cohomology Groups of an Associative Algebra},
	volume = {46},
	year = {1945}
}

@article{hochschild.kostant.rosenberg:1962a,
	title={Differential Forms on Regular Affine Algebras},
	author={Hochschild, G. and Kostant, B. and Rosenberg, A.},
	journal={Transactions of the American Mathematical Society},
	year={1962},
	volume={102},
	pages={383-408}
}

@book{hott:2013,
	author =    {The {Univalent Foundations Program}},
	title =     {Homotopy Type Theory: Univalent Foundations of Mathematics},
	publisher = {\url{https://homotopytypetheory.org/book}},
	address =   {Institute for Advanced Study},
	year =      {2013}
}

@article{huebschmann:2003a,
	title={Lie-Rinehart algebras, descent, and quantization},
	author={Huebschmann, J.},
	journal={arXiv: Symplectic Geometry},
	year={2003}
}

@book{jacobson:1989a,
	author =       {Jacobson, N.},
	title =        {Basic Algebra {II}},
	year =         {1989},
	publisher =    {Freeman and Company},
	address =      {New York},
	edition =      {2},
}

@book{johnson.yau:2021a,
	author = {Johnson, N. and Yau, D.},
	title = "{2-Dimensional Categories}",
	publisher = {Oxford University Press},
	year = {2021},
	month = {01},
}

@book{johnstone:2014a,
	title={Topos Theory},
	author={Johnstone, P. T.},
	lccn={13372074},
	series={Dover Books on Mathematics},
	year={2014},
	publisher={Dover Publications}
}


@book{johnstone:2002a,
	author =       {Johnstone, P. T.},
	title =        {Sketches of an Elephant: A Topos Theory Compendium - Volume 1\&2},
	year =         {2002},
	publisher =    {Clarendon Press},
	adress =       {Princeton},
}

@article{jotzlean.ortiz:2014a,
	title = {Foliated groupoids and infinitesimal ideal systems},
	journal = {Indagationes Mathematicae},
	volume = {25},
	number = {5},
	pages = {1019-1053},
	year = {2014},
	author = { {Jotz Lean}, M. and Ortiz, C.},
}

@book{kashiwara.schapira:2006a,
	author =       {Kashiwara, M. and Schapira, P.},
	title =        {Categories and sheaves},
	series =       {Grundlehren der Mathematischen Wissenschaften},
	volume =       {332},
	publisher =    {Springer-Verlag},
	address =      {Berlin, Heidelberg},
	year =         {2006},
	mrnumber =     {MR2182076},
}

@article{kinoshita.power:2014a,
	title = {Category theoretic structure of setoids},
	journal = {Theoretical Computer Science},
	volume = {546},
	pages = {145-163},
	year = {2014},
	author = {Kinoshita, Y. and Power, J.}
}

@article{kontsevich:2003a,
	author = {Kontsevich, M.},
	journal = {Letters in Mathematical Physics},
	number = {3},
	pages = {157–216},
	title = {Deformation Quantization of Poisson Manifolds},
	volume = {66},
	year = {2003}
}

@book {landsman:1998a,
	author = {Landsman, N. P.},
	title = {Mathematical topics between classical and quantum mechanics},
	series = {Springer Monographs in Mathematics},
	publisher = {Springer-Verlag},
	address = {New York},
	year = {1998},
}

@book{leinster:2004a,
	author =       {Leinster, T.},
	title =        {Higher Operads, Higher Categories},
	publisher =    {Cambridge University Press},
	address =      {Cambridge},
	series =       {London Mathematical Society Lecture Note Series},
	volume =       {298},
	year =         {2004},
}

@article{lu:1993a,
	author = {Lu, J.-H.},
	title = {Moment maps at the quantum level},
	volume = {157},
	journal = {Communications in Mathematical Physics},
	number = {2},
	publisher = {Springer-Verlag},
	pages = {389 -- 404},
	year = {1993},
	doi = {cmp/1104253946},
}


@article{manetti:2009a,
	author = {Manetti, M.},
	journal = {Proc. Sympos. Pure Math.},
	pages = {785--810},
	title = {Differential graded Lie algebras and formal deformation theory},
	volume = {80},
	year = {2009}
}

@book{mackenzie:2005a,
	author =       {Mackenzie, K.},
	title =        {General Theory of {L}ie Groupoids and {L}ie	Algebroids},
	publisher =    {Cambridge University Press},
	address =      {Cambridge},
	year =         {2005},
	series =       {London Mathematical Society Lecture Note Series},
	volume =       {213},
}

@book{maclane:1998a,
	author =       {MacLane, S.},
	title =        {Categories for the Working Mathematician},
	publisher =    {Springer-Verlag},
	year =         {1998},
	address =      {New York, Berlin},
	volume =       {5},
	series =       {Graduate Texts in Mathematics},
	edition =      {2},
	mrnumber =     {MR1712872},
}

@article{marrero.padron.rodriguez-almos:2012a,
	year = {2012},
	month = {4},
	publisher = {IOP Publishing},
	volume = {45},
	number = {16},
	pages = {165201},
	author = {Marrero, J. C. and Padrón, E. and Rodríguez-Olmos, M.},
	title = {Reduction of a symplectic-like Lie algebroid with momentum map and its application to fiberwise linear Poisson structures},
	journal = {Journal of Physics A: Mathematical and Theoretical},
}

@article{marsden.ratiu:1086a,
	author = {Marsden, J. E. and Ratiu, T. S.},
	journal = {Letters in Mathematical Physics},
	number = {2},
	pages = {161–169},
	title = {Reduction of Poisson manifolds},
	volume = {11},
	year = {1986}
}

@book{marsden.ratiu:1999a,
	author =       {Marsden, J. E. and Ratiu, T. S.},
	title =        {Introduction to Mechanics and Symmetry},
	publisher =    {Springer-Verlag},
	address =      {New York, Heidelberg},
	year =         {1999},
	series =       {Texts in applied mathematics},
	number =       {17},
}

@article{marsden.weinstein:1974a,
	author = {Marsden, J. E. and Weinstein, A.},
	journal = {Reports on Mathematical Physics},
	number = {1},
	pages = {121–130},
	title = {Reduction of symplectic manifolds with symmetry},
	volume = {5},
	year = {1974}
}

@article{masson:1996a,
	author = {Masson, T.},
	fjournal = {Journal of Mathematical Physics},
	journal = {J. Math. Phys.},
	number = {5},
	pages = {2484--2497},
	title = {Submanifolds and quotient manifolds in noncommutative 
	geometry},
	volume = {37},
	year = {1996}
}

@article{meinrenken:1996a,
	author = {Meinrenken, E.},
	journal = {Journal of the American Mathematical Society},
	number = {2},
	pages = {373--389},
	publisher = {American Mathematical Society},
	title = {On Riemann-Roch Formulas for Multiplicities},
	volume = {9},
	year = {1996}
}

@thesis{menke:2020a,
	author = {Menke, F.},
	title = {A Serre-Swan Theorem for Coisotropic Triples of Algebras},
	year = {2020},
	institution = {Julius-Maximilians-Universität Würzburg},
	type = {Master of Science Thesis}
}

@preprint{nahari.strobl:2022a,
	author = {Nahari, H. and Strobl, T.},
	year = {2022},
	month = {10},
	pages = {},
	title = {Singular Riemannian foliations and I-Poisson manifolds},
}

@book{nestruev:2020a,
title = {Smooth Manifolds and Observables },
author = {Jet Nestruev},
publisher = {Springer-Verlag},
address = {Cham},
edition = {2},
series = {Graduate Texts in Mathematics},
year = {2020},
}

@book{ortega.ratiu:2004a,
	author =       {Ortega, J.-P. and Ratiu, T. S.},
	title =        {Momentum Maps and Hamiltonian Reduction},
	year =         {2004},
	publisher =    {Birkh{\"{a}}user},
	address =      {Boston},
	series =       {Progress in Mathematics},
	volume =       {222},
	mrnumber =     {MR2021152},
}

@book{palais:1965a,
	author = {Palais, R. S.},
	publisher = {Princeton University Press},
	title = {Seminar on Atiyah-Singer Index Theorem. (AM-57)},
	year = {1965}
}



@article{reichert.waldmann:2016a,
	author =       {Reichert, T. and Waldmann, S.},
	title =        {Classification of Equivariant Star Products on
	Symplectic Manifolds},
	journal =      {Lett. Math. Phys.},
	volume =       {106},
	year =         {2016},
	pages =        {675--692},
	mrnumber =     {},
	zbl =          {},
}

@article{rieffel:1989a,
	author = {Rieffel, M. A.},
	journal = {Communications in Mathematical Physics},
	number = {4},
	pages = {531 – 562},
	publisher = {Springer-Verlag},
	title = {{Deformation quantization of Heisenberg manifolds}},
	volume = {122},
	year = {1989}
}


@article{rieffel:1994a,
	author = {Rieffel, M. A.},
	journal = {Contemporary Mathematics},
	pages = {221 – 240},
	publisher = {American Mathematical Society},
	title = {Quantization and {C*}-algebras},
	volume = {167},
	year = {1994}
}

@article{rinehart:1963a,
	title={Differential Forms on General Commutative Algebras},
	author={Rinehart, G. S.},
	journal={Transactions of the American Mathematical Society},
	year={1963},
	volume={108},
	pages={195-222}
}

@book {serre:1964a,
	AUTHOR = {Serre, J.-P.},
	TITLE = {Lie algebras and Lie groups},
	SERIES = {Lecture Notes in Mathematics},
	VOLUME = {1500},
	PUBLISHER = {Springer-Verlag},
	address = {Berlin},
	YEAR = {2006},
	PAGES = {viii+168},
}

@misc{shulman:2008a,
	author =    {Shulman, M. A.},
	title =     {Set theory for category theory},
	year =      {2008},
	eprinttype =   {arxiv},
	eprint =    {arXiv:0810.1279}
}

@article{sniatycki.weinstein:1983a,
	author = {{\'S}niatycki, J. and Weinstein, A.},
	journal = {Letters in Mathematical Physics},
	number = {7},
	pages = {155–161},
	title = {Reduction and quantization for singular momentum mappings},
	year = {1983}
}

@article{stasheff:1997a,
	author = {Stasheff, J.},
	journal = {Journal of Differential Geometry},
	number = {1},
	pages = {221 – 240},
	publisher = {Lehigh University},
	title = {Homological reduction of constrained Poisson algebras},
	volume = {45},
	year = {1997}
}

@misc{stienon.vitagliano.xu:2022a,	
	author = {Stiénon, M. and Vitagliano, L. and Xu, P.},	
	title = {{$A_\infty$} Algebras from Lie Pairs},	
	year = {2022},
	eprinttype =   {arxiv},
	eprint =    {arXiv:2210.16769}
}


@article{swan:1962a,
	author = {Swan, R. G.},
	journal = {Transactions of the American Mathematical Society},
	number = {2},
	pages = {264--277},
	publisher = {American Mathematical Society},
	title = {Vector Bundles and Projective Modules},
	volume = {105},
	year = {1962}
}

@article{vinogradov:1998a,
	author = "Vinogradov, A.",
	title = "{Introduction to Secondary Calculus}",
	journal = "Contemp. Math.",
	volume = "219",
	pages = "241--271",
	year = "1998"
}


@article{vitagliano:2014,
	author = {Vitagliano, L.},
	journal = {Communications in Contemporary Mathematics},
	number = {06},
	title = {On the strong homotopy Lie–Rinehart algebra of a foliation},
	volume = {16},
	year = {2014}
}


@article{waldmann:2019a,
	author = {Waldmann, S.},
	fjournal = {EMS Surveys in Mathematical Sciences},
	journal = {EMS Surv. Math. Sci.},
	number = {1-2},
	pages = {1–31},
	title = {Convergence of star products: from examples to a general framework},
	volume = {6},
	year = {2019},
}

@article{weinstein:1971a,
	author = {Weinstein, A.},
	journal = {Advances in Mathematics},
	number = {3},
	pages = {329–346},
	title = {Symplectic manifolds and their lagrangian submanifolds},
	volume = {6},
	year = {1971}
}


@article{weinstein:1988a,
	author = {Weinstein, A.},
	journal = {Journal of the Mathematical Society of Japan},
	number = {4},
	pages = {705 – 727},
	publisher = {Mathematical Society of Japan},
	title = {{Coisotropic calculus and Poisson groupoids}},
	volume = {40},
	year = {1988}
}

@book{woodhouse:1997a,
	title={Geometric Quantization},
	author={Woodhouse, N. M. J.},
	series={Oxford mathematical monographs},
	year={1997},
	publisher={Clarendon Press}
}

@article{Dippell2023,
   abstract = {To study coisotropic reduction in the context of deformation quantization we introduce constraint manifolds and constraint algebras as the basic objects encoding the additional information needed to define a reduction. General properties of various categories of constraint objects and their compatiblity with reduction are examined. A constraint Serre-Swan theorem, identifying constraint vector bundles with certain finitely generated projective constraint modules, as well as a constraint symbol calculus are proved. After developing the general deformation theory of constraint algebras, including constraint Hochschild cohomology and constraint differential graded Lie algebras, the second constraint Hochschild cohomology for the constraint algebra of functions on a constraint flat space is computed.},
   author = {Marvin Dippell},
   month = {10},
   title = {Constraint Reduction in Algebra, Geometry and Deformation Theory},
   url = {https://arxiv.org/abs/2310.05613v1},
   year = {2023},
}